@article{INCLCugnon1981,
	title        = {Equilibration in relativistic nuclear collisions. A Monte Carlo calculation},
	author       = {J. Cugnon and T. Mizutani and J. Vandermeulen},
	year         = 1981,
	journal      = {Nuclear Physics A},
	volume       = 352,
	number       = 3,
	pages        = {505--534},
	doi          = {https://doi.org/10.1016/0375-9474(81)90427-9},
	issn         = {0375-9474},
	url          = {https://www.sciencedirect.com/science/article/pii/0375947481904279}
}
@article{Serber,
	title        = {Nuclear Reactions at High Energies},
	author       = {Serber, R.},
	year         = 1947,
	month        = 12,
	journal      = {Phys. Rev.},
	publisher    = {American Physical Society},
	volume       = 72,
	pages        = {1114--1115},
	doi          = {10.1103/PhysRev.72.1114},
	url          = {https://link.aps.org/doi/10.1103/PhysRev.72.1114},
	issue        = 11,
	numpages     = {0}
}
@article{INCLboudard2002intranuclear,
	title        = {
		Intranuclear cascade model for a comprehensive description of spallation
		reaction data
	},
	author       = {Boudard, A. and Cugnon, J. and Leray, S. and Volant, C.},
	year         = 2002,
	month        = 10,
	journal      = {Phys. Rev. C},
	publisher    = {American Physical Society},
	volume       = 66,
	pages        = {044615},
	doi          = {10.1103/PhysRevC.66.044615},
	url          = {https://link.aps.org/doi/10.1103/PhysRevC.66.044615},
	issue        = 4,
	numpages     = 28
}
@article{INCLboudard2004new,
	title        = {A new model for production of fast light clusters in spallation reactions},
	author       = {Boudard, A and Cugnon, J and Leray, S and Volant, C},
	year         = 2004,
	journal      = {Nuclear Physics A},
	publisher    = {Elsevier},
	volume       = 740,
	number       = {1-2},
	pages        = {195--210},
	doi          = {https://doi.org/10.1016/j.nuclphysa.2004.05.003}
}
@article{INCLaoust2004effects,
	title        = {
		Effects of isospin and energy dependences of the nuclear mean field in
		spallation reactions
	},
	author       = {Aoust, Th and Cugnon, Joseph},
	year         = 2004,
	journal      = {The European Physical Journal A-Hadrons and Nuclei},
	publisher    = {Springer},
	volume       = 21,
	number       = 1,
	pages        = {79--85},
	doi          = {https://doi.org/10.1140/epja/i2003-10186-y}
}
@article{INCL_Aou_2006,
	title        = {Pion physics in the Li\`ege intranuclear cascade model},
	author       = {Aoust, Th. and Cugnon, J.},
	year         = 2006,
	journal      = {Phys. Rev. C},
	publisher    = {American Physical Society},
	volume       = 74,
	pages        = {064607},
	doi          = {10.1103/PhysRevC.74.064607},
	url          = {https://link.aps.org/doi/10.1103/PhysRevC.74.064607},
	issue        = 6,
	numpages     = 17
}
@article{INCLboudard2013new,
	title        = {
		New potentialities of the Li{\`e}ge intranuclear cascade model for reactions
		induced by nucleons and light charged particles
	},
	author       = {Boudard, A and Cugnon, J and David, J-C and Leray, S and Mancusi, D},
	year         = 2013,
	journal      = {Physical Review C},
	publisher    = {Aps},
	volume       = 87,
	number       = 1,
	pages        = {014606},
	doi          = {https://doi.org/10.1103/PhysRevC.87.014606}
}
@article{INCLMancusi2014,
	title        = {
		Extension of the Li\`ege intranuclear-cascade model to reactions induced by
		light nuclei
	},
	author       = {
		Mancusi, Davide and Boudard, Alain and Cugnon, Joseph and David,
		Jean-Christophe and Kaitaniemi, Pekka and others
	},
	year         = 2014,
	journal      = {Phys. Rev. C},
	publisher    = {American Physical Society},
	volume       = 90,
	pages        = {054602},
	doi          = {10.1103/PhysRevC.90.054602},
	url          = {https://link.aps.org/doi/10.1103/PhysRevC.90.054602},
	issue        = 5,
	numpages     = 30
}
@article{meneguzzi1971production,
	title        = {
		The production of the elements Li, Be, B by galactic cosmic rays in space and
		its relation with stellar observations.
	},
	author       = {Meneguzzi, M and Audouze, J and Reeves, H},
	year         = 1971,
	journal      = {Astronomy and Astrophysics},
	volume       = 15,
	pages        = {337--359},
	url          = {http://adsabs.harvard.edu/pdf/1971A\%26A....15..337M}
}
@article{carpenter1977pulsed,
	title        = {Pulsed spallation neutron sources for slow neutron scattering},
	author       = {John M. Carpenter},
	year         = 1977,
	journal      = {Nuclear Instruments and Methods},
	volume       = 145,
	number       = 1,
	pages        = {91--113},
	doi          = {https://doi.org/10.1016/0029-554X(77)90560-2},
	issn         = {0029-554x},
	url          = {https://www.sciencedirect.com/science/article/pii/0029554X77905602}
}
@article{bowman1992nuclear,
	title        = {
		Nuclear energy generation and waste transmutation using an accelerator-driven
		intense thermal neutron source
	},
	author       = {
		C.D. Bowman and E.D. Arthur and P.W. Lisowski and G.P. Lawrence and R.J.
		Jensen and others
	},
	year         = 1992,
	journal      = {
		Nuclear Instruments and Methods in Physics Research Section A: Accelerators,
		Spectrometers, Detectors and Associated Equipment
	},
	volume       = 320,
	number       = 1,
	pages        = {336--367},
	doi          = {https://doi.org/10.1016/0168-9002(92)90795-6},
	issn         = {0168-9002},
	url          = {https://www.sciencedirect.com/science/article/pii/0168900292907956}
}
@article{ravn98A,
	title        = {
		Radioactive ion-beam projects based on the two-accelerator or ISOL principle
	},
	author       = {Ravn, H.L.},
	year         = 1998,
	journal      = {
		Philosophical Transactions of the Royal Society A: Mathematical, Physical and
		Engineering Sciences
	},
	publisher    = {Royal Society},
	volume       = 356,
	number       = 1744,
	pages        = {1955--1984},
	doi          = {10.1098/rsta.1998.0259},
	document_type = {Article}
}
@article{rudy2008joint,
	title        = {Joint ICTP-IAEA Advanced Workshop on Model Codes for Spallation Reactions},
	author       = {Rudy, Zbigniew and Kowalczyk, A},
	year         = 2008,
	journal      = {Iaea Indc (Nds)},
	volume       = 530,
	pages        = {53--64},
	url          = {
		http://indico.ictp.it/event/a07139/session/13/contribution/8/material/0/1.pdf
	}
}
@article{kelic2009abla07,
	title        = {
		ABLA07-towards a complete description of the decay channels of a nuclear
		system from spontaneous fission to multifragmentation
	},
	author       = {Kelic, A and Ricciardi, M V and Schmidt, K-H},
	year         = 2009,
	journal      = {arXiv preprint arXiv:0906.4193},
	url          = {https://arxiv.org/abs/0906.4193}
}
@article{hyde1971characteristics,
	title        = {
		Characteristics of fragments produced in the interaction of 5.5-GeV protons
		with silver
	},
	author       = {Hyde, E K and Butler, Gilbert W and Poskanzer, AM},
	year         = 1971,
	journal      = {Physical Review C},
	publisher    = {Aps},
	volume       = 4,
	number       = 5,
	pages        = 1759,
	doi          = {https://doi.org/10.1103/PhysRevC.4.1759}
}
@article{korteling1973energy,
	title        = {
		Energy spectra of fragments from silver and uranium bombarded with 5.0-GeV
		protons
	},
	author       = {Korteling, R G and Toren, CR and Hyde, E K},
	year         = 1973,
	journal      = {Physical Review C},
	publisher    = {Aps},
	volume       = 7,
	number       = 4,
	pages        = 1611,
	doi          = {https://doi.org/10.1103/PhysRevC.7.1611}
}
@article{bubak2007non,
	title        = {
		Non-equilibrium emission of complex fragments from p+ Au collisions at 2.5
		GeV proton beam energy
	},
	author       = {
		Bubak, A and Budzanowski, A and Filges, D and Goldenbaum, F and Heczko, A and
		others
	},
	year         = 2007,
	journal      = {Physical Review C},
	publisher    = {Aps},
	volume       = 76,
	number       = 1,
	pages        = {014618},
	doi          = {https://doi.org/10.1103/PhysRevC.76.014618}
}
@article{budzanowski2008competition,
	title        = {
		Competition of coalescence and ``fireball'' processes in nonequilibrium
		emission of light charged particles from p+ Au collisions
	},
	author       = {
		Budzanowski, A and Fidelus, M and Filges, D and Goldenbaum, F and Hodde, H
		and others
	},
	year         = 2008,
	journal      = {Physical Review C},
	publisher    = {Aps},
	volume       = 78,
	number       = 2,
	pages        = {024603},
	doi          = {https://doi.org/10.1103/PhysRevC.78.024603}
}
@article{budzanowski2009variation,
	title        = {Variation of nonequilibrium processes in the p+ Ni system with beam energy},
	author       = {
		Budzanowski, A and Fidelus, M and Filges, D and Goldenbaum, F and Hodde, H
		and others
	},
	year         = 2009,
	journal      = {Physical Review C},
	publisher    = {Aps},
	volume       = 80,
	number       = 5,
	pages        = {054604},
	doi          = {https://doi.org/10.1103/PhysRevC.80.054604}
}
@article{budzanowski2010comparison,
	title        = {
		Comparison of nonequilibrium processes in p+ Ni and p+ Au collisions at GeV
		energies
	},
	author       = {
		Budzanowski, A and Fidelus, M and Filges, D and Goldenbaum, F and Hodde, H
		and others
	},
	year         = 2010,
	journal      = {Physical Review C},
	publisher    = {Aps},
	volume       = 82,
	number       = 3,
	pages        = {034605},
	doi          = {https://doi.org/10.1103/PhysRevC.82.034605}
}
@article{fidelus2014sequential,
	title        = {
		Sequential and simultaneous emission of particles from p+ Al collisions at
		GeV energies
	},
	author       = {
		Fidelus, Ma{\l}gorzata and Filges, Detlef and Goldenbaum, Frank and Hodde, H
		and Jany, Anna and others
	},
	year         = 2014,
	journal      = {Physical Review C},
	publisher    = {Aps},
	volume       = 89,
	number       = 5,
	pages        = {054617},
	doi          = {https://doi.org/10.1103/PhysRevC.89.054617}
}
@article{fidelus2017non,
	title        = {Non-equilibrium processes in p+ Ag collisions at GeV energies},
	author       = {
		Fidelus, M and Filges, D and Goldenbaum, F and Jarczyk, L and Kamys, B and
		others
	},
	year         = 2017,
	journal      = {Physical Review C},
	publisher    = {Aps},
	volume       = 96,
	number       = 6,
	pages        = {064618},
	doi          = {https://doi.org/10.1103/PhysRevC.96.064618}
}
@article{sharma2016ranking,
	title        = {
		Ranking and validation of the spallation models for description of
		intermediate mass fragment emission from p+ Ag collisions at 480 MeV incident
		proton beam energy
	},
	author       = {Sharma, S. K and Kamys, B and Goldenbaum, F and Filges, D},
	year         = 2016,
	journal      = {The European Physical Journal A},
	publisher    = {Springer},
	volume       = 52,
	number       = 6,
	pages        = {1--13},
	doi          = {https://doi.org/10.1140/epja/i2016-16171-5}
}
@article{singh2018predictive,
	title        = {The predictive power of spallation models for isotopic cross sections},
	author       = {
		Singh, Udai and Filges, Detlef and Goldenbaum, Frank and Kamys, Bogus{\l}aw
		and Rudy, Zbigniew and others
	},
	year         = 2018,
	journal      = {The European Physical Journal A},
	publisher    = {Springer},
	volume       = 54,
	number       = 6,
	pages        = {1--11},
	doi          = {https://doi.org/10.1140/epja/i2018-12546-x}
}
@article{singh2019odd,
	title        = {
		Odd--even staggering in the yields of intermediate mass fragments from p+ Ag
		collisions at EP= 480 MEV
	},
	author       = {Singh, Udai and Kamys, Bogus{\l}aw and Sharma, Sushil and Pysz, Krzysztof},
	year         = 2019,
	journal      = {Acta Physica Polonica. B},
	volume       = 50,
	number       = 8,
	pages        = {1451--14611},
	doi          = {https://doi.org/10.5506/APhysPolB.50.1451}
}
@article{sharma2017ranking,
	title        = {
		Ranking and validation of spallation models for isotopic production cross
		sections of heavy residua
	},
	author       = {
		Sharma, Sushil K and Kamys, Bogus{\l}aw and Goldenbaum, Frank and Filges,
		Detlef
	},
	year         = 2017,
	journal      = {The European Physical Journal A},
	publisher    = {Springer},
	volume       = 53,
	number       = 7,
	pages        = {1--7},
	doi          = {https://doi.org/10.1140/epja/i2017-12334-2}
}
@article{CHARITY1988,
	title        = {Systematics of complex fragment emission in niobium-induced reactions},
	author       = {
		R.J. Charity and M.A. McMahan and G.J. Wozniak and R.J. McDonald and L.G.
		Moretto and others
	},
	year         = 1988,
	journal      = {Nuclear Physics A},
	volume       = 483,
	number       = 2,
	pages        = {371--405},
	doi          = {https://doi.org/10.1016/0375-9474(88)90542-8},
	issn         = {0375-9474},
	url          = {https://www.sciencedirect.com/science/article/pii/0375947488905428},
}
@article{Charity2010,
	title        = {
		Systematic description of evaporation spectra for light and heavy compound
		nuclei
	},
	author       = {Charity, R. J.},
	year         = 2010,
	journal      = {Phys. Rev. C},
	publisher    = {American Physical Society},
	volume       = 82,
	pages        = {014610},
	doi          = {10.1103/PhysRevC.82.014610},
	url          = {https://link.aps.org/doi/10.1103/PhysRevC.82.014610},
	issue        = 1,
	numpages     = 16
}
@article{FURIHATA2000,
	title        = {
		Statistical analysis of light fragment production from medium energy
		proton-induced reactions
	},
	author       = {S. Furihata},
	year         = 2000,
	journal      = {
		Nuclear Instruments and Methods in Physics Research Section B: Beam
		Interactions with Materials and Atoms
	},
	volume       = 171,
	number       = 3,
	pages        = {251--258},
	doi          = {https://doi.org/10.1016/S0168-583X(00)00332-3},
	issn         = {0168-583x},
	url          = {https://www.sciencedirect.com/science/article/pii/S0168583X00003323},
}
@article{Furihata2002,
	title        = {
		Calculation of Nuclide Productions from Proton Induced Reactions on Heavy
		Targets with INC/GEM
	},
	author       = {Shiori Furihata and Takashi Nakamura},
	year         = 2002,
	journal      = {Journal of Nuclear Science and Technology},
	publisher    = {Taylor \& Francis},
	volume       = 39,
	number       = {sup2},
	pages        = {758--761},
	doi          = {10.1080/00223131.2002.10875208}
}
@article{napolitani2004structural,
	title        = {
		Structural effects in the nuclide distributions of the residues of highly
		excited systems
	},
	author       = {
		NAPOLITANI, P. and REJMUND, F. and TASSAN-GOT, L. and RICCIARDI, M. V. and
		KELIC, A. and others
	},
	year         = 2004,
	journal      = {International Journal of Modern Physics E},
	publisher    = {World Scientific},
	volume       = 13,
	number       = {01},
	pages        = {333--336},
	doi          = {10.1142/s0218301304002144}
}
@article{napolitani2007measurement,
	title        = {
		Measurement of the complete nuclide production and kinetic energies of the
		system Xe 136+ hydrogen at 1 GeV per nucleon
	},
	author       = {
		Napolitani, P and Schmidt, K-H and Tassan-Got, L and Armbruster, P and
		Enqvist, Timo and others
	},
	year         = 2007,
	journal      = {Physical Review C},
	publisher    = {Aps},
	volume       = 76,
	number       = 6,
	pages        = {064609},
	doi          = {10.1103/PhysRevC.76.064609}
}
@article{SMMBondorf1995,
	title        = {Statistical multifragmentation of nuclei},
	author       = {
		J.P. Bondorf and A.S. Botvina and A.S. Iljinov and I.N. Mishustin and K.
		Sneppen
	},
	year         = 1995,
	journal      = {Physics Reports},
	volume       = 257,
	number       = 3,
	pages        = {133--221},
	doi          = {https://doi.org/10.1016/0370-1573(94)00097-M},
	issn         = {0370-1573},
	url          = {https://www.sciencedirect.com/science/article/pii/037015739400097M}
}
@article{GiBUUBuss2012,
	title        = {Transport-theoretical description of nuclear reactions},
	author       = {
		O. Buss and T. Gaitanos and K. Gallmeister and H. {van Hees} and M. Kaskulov
		and others
	},
	year         = 2012,
	journal      = {Physics Reports},
	volume       = 512,
	number       = 1,
	pages        = {1--124},
	doi          = {https://doi.org/10.1016/j.physrep.2011.12.001},
	issn         = {0370-1573},
	url          = {https://www.sciencedirect.com/science/article/pii/S0370157311003619},
	note         = {Transport-theoretical Description of Nuclear Reactions},
}
@article{UrQMDBASS1998,
	title        = {Microscopic models for ultrarelativistic heavy ion collisions},
	author       = {
		S.A. Bass and M. Belkacem and M. Bleicher and M. Brandstetter and L. Bravina
		and others
	},
	year         = 1998,
	journal      = {Progress in Particle and Nuclear Physics},
	volume       = 41,
	pages        = {255--369},
	doi          = {https://doi.org/10.1016/S0146-6410(98)00058-1},
	issn         = {0146-6410},
	url          = {https://www.sciencedirect.com/science/article/pii/S0146641098000581}
}
@article{UrQMDBleicher1999,
	title        = {
		Relativistic hadron-hadron collisions in the ultra-relativistic quantum
		molecular dynamics model
	},
	author       = {M Bleicher and E Zabrodin and C Spieles and S A Bass and C Ernst and others},
	year         = 1999,
	journal      = {Journal of Physics G: Nuclear and Particle Physics},
	publisher    = {{IOP} Publishing},
	volume       = 25,
	number       = 9,
	pages        = {1859--1896},
	doi          = {10.1088/0954-3899/25/9/308},
	url          = {https://doi.org/10.1088/0954-3899/25/9/308}
}
@article{JAM_NARA1999,
	title        = {
		Relativistic nuclear collisions at \$10A\$ GeV energies from
		\$p+\mathrm{Be}\$ to Au+Au with the hadronic cascade model
	},
	author       = {Nara, Y. and Otuka, N. and Ohnishi, A. and Niita, K. and Chiba, S.},
	year         = 1999,
	journal      = {Phys. Rev. C},
	publisher    = {American Physical Society},
	volume       = 61,
	pages        = {024901},
	doi          = {10.1103/PhysRevC.61.024901},
	url          = {https://link.aps.org/doi/10.1103/PhysRevC.61.024901},
	issue        = 2,
	numpages     = 19
}
@article{Bertini1963,
	title        = {Low-Energy Intranuclear Cascade Calculation},
	author       = {Bertini, Hugo W.},
	year         = 1963,
	journal      = {Phys. Rev.},
	publisher    = {American Physical Society},
	volume       = 131,
	pages        = {1801--1821},
	doi          = {10.1103/PhysRev.131.1801},
	url          = {https://link.aps.org/doi/10.1103/PhysRev.131.1801},
	issue        = 4,
	numpages     = {0}
}
@article{Bertini1969,
	title        = {
		Intranuclear-Cascade Calculation of the Secondary Nucleon Spectra from
		Nucleon-Nucleus Interactions in the Energy Range 340 to 2900 MeV and
		Comparisons with Experiment
	},
	author       = {Bertini, Hugo W.},
	year         = 1969,
	journal      = {Phys. Rev.},
	publisher    = {American Physical Society},
	volume       = 188,
	pages        = {1711--1730},
	doi          = {10.1103/PhysRev.188.1711},
	url          = {https://link.aps.org/doi/10.1103/PhysRev.188.1711},
	issue        = 4,
	numpages     = {0}
}
@article{Isabel_Yariv1979,
	title        = {Intranuclear cascade calculation of high-energy heavy-ion interactions},
	author       = {Yariv, Y. and Fraenkel, Z.},
	year         = 1979,
	journal      = {Phys. Rev. C},
	publisher    = {American Physical Society},
	volume       = 20,
	pages        = {2227--2243},
	doi          = {10.1103/PhysRevC.20.2227},
	url          = {https://link.aps.org/doi/10.1103/PhysRevC.20.2227},
	issue        = 6,
	numpages     = {0}
}
@article{Isabel_Yariv1981,
	title        = {
		Intranuclear cascade calculation of high energy heavy ion collisions: Effect
		of interactions between cascade particles
	},
	author       = {Yariv, Y. and Fraenkel, Z.},
	year         = 1981,
	journal      = {Phys. Rev. C},
	publisher    = {American Physical Society},
	volume       = 24,
	pages        = {488--494},
	doi          = {10.1103/PhysRevC.24.488},
	url          = {https://link.aps.org/doi/10.1103/PhysRevC.24.488},
	issue        = 2,
	numpages     = {0}
}
@article{CEM_GUDIMA1983,
	title        = {Cascade-exciton model of nuclear reactions},
	author = {K.K. Gudima and S.G. Mashnik and V.D. Toneev},
	year         = 1983,
	journal      = {Nuclear Physics A},
	volume       = 401,
	number       = 2,
	pages        = {329--361},
	doi          = {https://doi.org/10.1016/0375-9474(83)90532-8},
	issn         = {0375-9474},
	url          = {https://www.sciencedirect.com/science/article/pii/0375947483905328}
}
@article{Geant_AGOSTINELLI2003250,
	title        = {Geant4--a simulation toolkit},
	author       = {
		S. Agostinelli and J. Allison and K. Amako and J. Apostolakis and H. Araujo
		and others
	},
	year         = 2003,
	journal      = {
		Nuclear Instruments and Methods in Physics Research Section A: Accelerators,
		Spectrometers, Detectors and Associated Equipment
	},
	volume       = 506,
	number       = 3,
	pages        = {250--303},
	doi          = {https://doi.org/10.1016/S0168-9002(03)01368-8},
	issn         = {0168-9002},
	url          = {https://www.sciencedirect.com/science/article/pii/S0168900203013688}
}
@article{KOOPMANS1934104,
	title        = {
		\"{U}ber die Zuordnung von Wellenfunktionen und Eigenwerten zu den Einzelnen
		Elektronen Eines Atoms
	},
	author       = {T Koopmans},
	year         = 1934,
	journal      = {Physica},
	volume       = 1,
	number       = 1,
	pages        = {104--113},
	doi          = {https://doi.org/10.1016/S0031-8914(34)90011-2},
	issn         = {0031-8914},
	url          = {https://www.sciencedirect.com/science/article/pii/S0031891434900112}
}
@article{WAPSTRA198555,
	title        = {
		The 1983 atomic mass evaluation: (II). Nuclear-reaction and separation
		energies
	},
	author       = {A.H. Wapstra and G. Audi},
	year         = 1985,
	journal      = {Nuclear Physics A},
	volume       = 432,
	number       = 1,
	pages        = {55--139},
	doi          = {https://doi.org/10.1016/0375-9474(85)90284-2},
	issn         = {0375-9474},
	url          = {https://www.sciencedirect.com/science/article/pii/0375947485902842}
}
@article{Lane1962PhysRevLett,
	title        = {
		New Term in the Nuclear Optical Potential: Implications for (\$p,n\$) Mirror
		State Reactions
	},
	author       = {Lane, A. M.},
	year         = 1962,
	journal      = {Phys. Rev. Lett.},
	publisher    = {American Physical Society},
	volume       = 8,
	pages        = {171--172},
	doi          = {10.1103/PhysRevLett.8.171},
	url          = {https://link.aps.org/doi/10.1103/PhysRevLett.8.171},
	issue        = 4,
	numpages     = {0}
}
@article{Butler1963,
	title        = {Deuterons from High-Energy Proton Bombardment of Matter},
	author       = {Butler, S. T. and Pearson, C. A.},
	year         = 1963,
	month        = {01},
	journal      = {Phys. Rev.},
	publisher    = {American Physical Society},
	volume       = 129,
	pages        = {836--842},
	doi          = {10.1103/PhysRev.129.836},
	url          = {https://link.aps.org/doi/10.1103/PhysRev.129.836},
	issue        = 2,
	numpages     = {0}
}
@article{INCL_CUGN_1997,
	title        = {Improved intranuclear cascade model for nucleon-nucleus interactions},
	author       = {J. Cugnon and C. Volant and S. Vuillier},
	year         = 1997,
	journal      = {Nuclear Physics A},
	volume       = 620,
	number       = 4,
	pages        = {475--509},
	doi          = {https://doi.org/10.1016/S0375-9474(97)00186-3},
	issn         = {0375-9474},
	url          = {https://www.sciencedirect.com/science/article/pii/S0375947497001863},
}
@article{agakichiev2009HADES,
	title        = {The high-acceptance dielectron spectrometer HADES},
	author       = {
		Agakichiev, G and Agodi, C and Alvarez-Pol, H and Atkin, E and Badura, E and
		others
	},
	year         = 2009,
	journal      = {The European Physical Journal A},
	publisher    = {Springer},
	volume       = 41,
	number       = 2,
	pages        = {243--277}
}
@article{Kipnis,
	title        = {
		A time-over-threshold machine: the readout integrated circuit for the BABAR
		Silicon Vertex Tracker
	},
	author       = {
		Kipnis, I. and Collins, T. and DeWitt, J. and Dow, S. and Frey, A. and others
	},
	year         = 1997,
	journal      = {IEEE Transactions on Nuclear Science},
	volume       = 44,
	number       = 3,
	pages        = {289--297},
	doi          = {https://doi.org/10.1109/23.603658}
}
@article{HARP_PS214_1,
	title        = {Final results for ?\pm{} production in the HARP/PS214 experiment at CERN PS},
	author       = {M. Bonesini},
	year         = 2012,
	journal      = {Nuclear Physics B - Proceedings Supplements},
	volume       = {229-232},
	pages        = 500,
	doi          = {https://doi.org/10.1016/j.nuclphysbps.2012.09.137},
	issn         = {0920-5632},
	url          = {https://www.sciencedirect.com/science/article/pii/S0920563212003544},
	note         = {Neutrino 2010}
}
@article{HARP_CDP_Al_2012,
	title        = {
		Cross-sections of large-angle hadron production in proton--and pion--nucleus
		interactions VIII: aluminium nuclei and beam momenta from\$\pm\$3 GeV/c
		to\$\pm\$15 GeV/c
	},
	author       = {
		Bolshakova, A and Boyko, I and Dedovitch, D and Elagin, A and Emelyanov, D
		and others
	},
	year         = 2012,
	journal      = {The European Physical Journal C},
	publisher    = {Springer},
	volume       = 72,
	number       = 2,
	pages        = {1--75},
	doi          = {10.1140/epjc/s10052-012-1882-8}
}
@article{HARP_CDP_Sn_2011,
	title        = {
		Cross-sections of large-angle hadron production in proton--and pion--nucleus
		interactions VII: tin nuclei and beam momenta from\$\pm\$3 GeV/c to\$\pm\$15
		GeV/c
	},
	author       = {
		Bolshakova, A and Boyko, I and Dedovitch, D and Elagin, A and Gostkin, M and
		others
	},
	year         = 2011,
	journal      = {The European Physical Journal C},
	publisher    = {Springer},
	volume       = 71,
	number       = 8,
	pages        = {1--60},
	doi          = {10.1140/epjc/s10052-011-1719-x}
}
@article{HARP_CDP_C_2010,
	title        = {
		Cross-sections of large-angle hadron production in proton--and pion--nucleus
		interactions VI: carbon nuclei and beam momenta from\$\pm\$3 GeV/c
		to\$\pm\$15 GeV/c
	},
	author       = {
		Bolshakova, A and Boyko, I and Dedovitch, D and Elagin, A and Emelyanov, D
		and others
	},
	year         = 2010,
	journal      = {The European Physical Journal C},
	publisher    = {Springer},
	volume       = 70,
	number       = 3,
	pages        = {573--633},
	doi          = {10.1140/epjc/s10052-010-1479-z}
}
@article{HARP_CDP_Pb_2010,
	title        = {
		Cross-sections of large-angle hadron production in proton--and pion--nucleus
		interactions V: lead nuclei and beam momenta from\$\pm\$3 GeV/c to\$\pm\$15
		GeV/c
	},
	author       = {
		Bolshakova, A and Boyko, I and Dedovitch, D and Elagin, A and Gostkin, M and
		others
	},
	year         = 2010,
	journal      = {The European Physical Journal C},
	publisher    = {Springer},
	volume       = 66,
	number       = 1,
	pages        = {57--117},
	doi          = {10.1140/epjc/s10052-010-1249-y}
}
@article{HARP_CDP_Cu_2009,
	title        = {
		Cross-sections of large-angle hadron production in proton--and pion--nucleus
		interactions IV: copper nuclei and beam momenta from\$\pm\$3 GeV/c
		to\$\pm\$15 GeV/c
	},
	author       = {
		Bolshakova, A and Boyko, I and Dedovitch, D and Elagin, A and Gostkin, M and
		others
	},
	year         = 2009,
	journal      = {The European Physical Journal C},
	publisher    = {Springer},
	volume       = 64,
	number       = 2,
	pages        = {181--241},
	doi          = {10.1140/epjc/s10052-009-1144-6}
}
@article{HARP_CDP_Ta_2009,
	title        = {
		Cross sections of large-angle hadron production in proton--and pion--nucleus
		interactions III: tantalum nuclei and beam momenta from\$\pm\$3 GeV/c
		to\$\pm\$15 GeV/c
	},
	author       = {
		Bolshakova, A and Boyko, I and Dedovitch, D and Elagin, A and Gostkin, M and
		others
	},
	year         = 2009,
	journal      = {The European Physical Journal C},
	publisher    = {Springer},
	volume       = 63,
	number       = 4,
	pages        = {549--609},
	doi          = {10.1140/epjc/s10052-009-1114-z}
}
@article{HARP_CDP_Be2_2009,
	title        = {
		Cross-sections of large-angle hadron production in proton--and pion--nucleus
		interactions II: beryllium nuclei and beam momenta from\$\pm\$3 GeV/c
		to\$\pm\$15 GeV/c
	},
	author       = {
		Bolshakova, A and Boyko, I and Dedovitch, D and Elagin, A and Gostkin, M and
		others
	},
	year         = 2009,
	journal      = {The European Physical Journal C},
	publisher    = {Springer},
	volume       = 62,
	number       = 4,
	pages        = {697--754},
	doi          = {10.1140/epjc/s10052-009-1092-1}
}
@article{HARP_CDP_Be1_2009,
	title        = {
		Cross-sections of large-angle hadron production in proton-and pion-nucleus
		interactions I: beryllium nuclei and beam momenta of+ 8.9 GeV/c and- 8.0
		GeV/c
	},
	author       = {
		Bolshakova, A and Boyko, I and Dedovitch, D and Elagin, A and Gostkin, M and
		others
	},
	year         = 2009,
	journal      = {The European Physical Journal C},
	publisher    = {Springer},
	volume       = 62,
	number       = 2,
	pages        = {293--317},
	doi          = {10.1140/epjc/s10052-009-1053-8}
}
@article{Mrowczynski_1,
	title        = {Production of light nuclei at colliders ? coalescence vs. thermal model},
	author       = {Mr\'owczy\'nski, S.},
	year         = 2020,
	journal      = {The European Physical Journal Special Topics},
	volume       = 229,
	pages        = 3559,
	doi          = {10.1140/epjst/e2020-000067-0}
}
@article{LET02A,
	title        = {Composite-particle emission in the reaction p + Au at 2.5 GeV},
	author       = {
		A. Letourneau and  A. B{\"o}hm and J. Galin and B. Lott and  A. P{\'e}ghaire
		and others
	},
	year         = 2002,
	journal      = {Nuclear Physics A},
	volume       = 712,
	pages        = 133,
	doi          = {10.1016/s0375-9474(02)01133-8}
}
@article{AgakishievPionP,
	title        = {
		Inclusive pion and \$\ensuremath{\eta}\$ production in \$p\$+Nb collisions at
		3.5 GeV beam energy
	},
	author       = {Agakishiev, G. and others},
	year         = 2013,
	month        = 8,
	journal      = {Phys. Rev. C},
	publisher    = {American Physical Society},
	volume       = 88,
	pages        = {024904},
	doi          = {10.1103/PhysRevC.88.024904},
	url          = {https://link.aps.org/doi/10.1103/PhysRevC.88.024904},
	collaboration = {HADES Collaboration},
	issue        = 2,
	numpages     = 11
}
@article{HODGSON20031,
	title        = {Cluster emission, transfer and capture in nuclear reactions},
	author       = {P.E. Hodgson and E. Bet\'ak},
	year         = 2003,
	journal      = {Physics Reports},
	volume       = 374,
	number       = 1,
	pages        = {1--89},
	doi          = {https://doi.org/10.1016/S0370-1573(02)00268-5},
	issn         = {0370-1573},
	url          = {https://www.sciencedirect.com/science/article/pii/S0370157302002685},
}
@conference{Iwamoto_2008,
	title        = {Cluster productions in intermediate-energy proton-nucleus reactions},
	author       = {Iwamoto, H. and Uozumi, Y.},
	year         = 2008,
	booktitle    = {AIP Conference Proceedings},
	volume       = 1005,
	number       = 140
}
@article{Wei_2014,
	title        = {
		Mechanism of the production of light complex particles in nucleon-induced
		reactions
	},
	author       = {Dexian Wei and Ning Wang and Li Ou},
	year         = 2014,
	month        = 2,
	journal      = {Journal of Physics G: Nuclear and Particle Physics},
	publisher    = {{IOP} Publishing},
	volume       = 41,
	number       = 3,
	pages        = {035104},
	doi          = {10.1088/0954-3899/41/3/035104},
	url          = {https://doi.org/10.1088/0954-3899/41/3/035104}
}
@article{PyszClus,
	title        = {
		Dynamic cluster contribution to the yield of light particles in the
		spallation process
	},
	author       = {Pysz, K.},
	year         = 2015,
	month        = 1,
	journal      = {Phys. Rev. C},
	publisher    = {American Physical Society},
	volume       = 91,
	pages        = {011602},
	doi          = {10.1103/PhysRevC.91.011602},
	url          = {https://link.aps.org/doi/10.1103/PhysRevC.91.011602},
	issue        = 1,
	numpages     = 5
}
@article{giot2013isotopic,
	title        = {
		Isotopic production cross sections of the residual nuclei in spallation
		reactions induced by 136Xe projectiles on proton at 500 A MeV
	},
	author       = {
		Giot, Lydie and Alcantara-Nunez, JA and Benlliure, J and Perez-Loureiro, D
		and Audouin, L and others
	},
	year         = 2013,
	journal      = {Nuclear Physics A},
	publisher    = {Elsevier},
	volume       = 899,
	pages        = {116--132},
	doi          = {10.1016/j.nuclphysa.2012.12.119}
}
@article{Green1984,
	title        = {
		Inclusive production of isotopically resolved Li through Mg fragments by 480
		MeV p+Ag reactions
	},
	author       = {Green, Ray E. L. and Korteling, Ralph G. and Jackson, K. Peter},
	year         = 1984,
	month        = 5,
	journal      = {Phys. Rev. C},
	publisher    = {American Physical Society},
	volume       = 29,
	pages        = {1806--1824},
	doi          = {10.1103/PhysRevC.29.1806},
	url          = {https://link.aps.org/doi/10.1103/PhysRevC.29.1806},
	issue        = 5,
	numpages     = {0}
}
@article{TRA72A,
	title        = {
		Rb and Cs Isotopic Cross Sections from 40-60-MeV-Proton Fission of
		\$^{238}\mathrm{U}\$, \$^{232}\mathrm{Th}\$, and \$^{235}\mathrm{U}\$
	},
	author       = {
		Tracy, B. L. and Chaumont, J. and Klapisch, R. and Nitschke, J. M. and
		Poskanzer, A. M. and others
	},
	year         = 1972,
	month        = 1,
	journal      = {Phys. Rev. C},
	publisher    = {American Physical Society},
	volume       = 5,
	pages        = {222--234},
	doi          = {10.1103/PhysRevC.5.222},
	url          = {https://link.aps.org/doi/10.1103/PhysRevC.5.222},
	issue        = 1,
	numpages     = {0}
}
@phdthesis{HYDRA,
	title        = {
		Momentum reconstruction and pion production analysis in the HADES
		spectrometer at GSI
	},
	author       = {Garcia, Manuel Sanchez},
	year         = 2003,
	school       = {Universidade de Santiago de Compostela}
}
@article{BRUN199781,
	title        = {ROOT -- An object oriented data analysis framework},
	author       = {Rene Brun and Fons Rademakers},
	year         = 1997,
	journal      = {
		Nuclear Instruments and Methods in Physics Research Section A: Accelerators,
		Spectrometers, Detectors and Associated Equipment
	},
	volume       = 389,
	number       = 1,
	pages        = {81--86},
	doi          = {https://doi.org/10.1016/S0168-9002(97)00048-X},
	issn         = {0168-9002},
	url          = {https://www.sciencedirect.com/science/article/pii/S016890029700048X},
	note         = {New Computing Techniques in Physics Research V}
}
@misc{HGeant,
	title        = {HGeant-HADES Simulation Package},
	url          = {https://www-hades.gsi.de/?q=computing},
	urldate      = {2021-06-16}
}
@techreport{brun1993geant,
	title        = {GEANT: detector description and simulation tool},
	author       = {
		Brun, Rene and Urban, L and Carminati, Federico and Giani, Simone and Maire,
		M and others
	},
	year         = 1993,
	institution  = {Cern}
}
@article{Poskanzer_OES,
	title        = {Fragment Production in the Interaction of 5.5-GeV Protons with Uranium},
	author       = {Poskanzer, A. M. and Butler, Gilbert W. and Hyde, Earl K.},
	year         = 1971,
	month        = 2,
	journal      = {Phys. Rev. C},
	publisher    = {American Physical Society},
	volume       = 3,
	pages        = {882--904},
	doi          = {10.1103/PhysRevC.3.882},
	url          = {https://link.aps.org/doi/10.1103/PhysRevC.3.882},
	issue        = 2,
	numpages     = {0}
}
@article{Zeitlin_OES,
	title        = {
		Heavy fragment production cross sections from 1.05 GeV/nucleon
		\${}^{56}\mathrm{Fe}\$ in C, Al, Cu, Pb, and \${\mathrm{CH}}\_{2}\$ targets
	},
	author       = {
		Zeitlin, C. and Heilbronn, L. and Miller, J. and Rademacher, S. E. and Borak,
		T. and others
	},
	year         = 1997,
	month        = 7,
	journal      = {Phys. Rev. C},
	publisher    = {American Physical Society},
	volume       = 56,
	pages        = {388--397},
	doi          = {10.1103/PhysRevC.56.388},
	url          = {https://link.aps.org/doi/10.1103/PhysRevC.56.388},
	issue        = 1,
	numpages     = {0}
}
@article{RICCIARDI2004299_OES,
	title        = {
		Complex nuclear-structure phenomena revealed from the nuclide production in
		fragmentation reactions
	},
	author       = {
		M.V. Ricciardi and A.V. Ignatyuk and A. Keli\'{c} and P. Napolitani and F.
		Rejmund and others
	},
	year         = 2004,
	journal      = {Nuclear Physics A},
	volume       = 733,
	number       = 3,
	pages        = {299--318},
	doi          = {https://doi.org/10.1016/j.nuclphysa.2004.01.069},
	issn         = {0375-9474},
	url          = {https://www.sciencedirect.com/science/article/pii/S0375947404000879},
}
@article{Piantelli_OES,
	title        = {\$N\$ and \$Z\$ odd-even staggering in Kr+Sn collisions at Fermi energies},
	author       = {
		Piantelli, S. and Casini, G. and Maurenzig, P. R. and Olmi, A. and Barlini,
		S. and others
	},
	year         = 2013,
	month        = 12,
	journal      = {Phys. Rev. C},
	publisher    = {American Physical Society},
	volume       = 88,
	pages        = {064607},
	doi          = {10.1103/PhysRevC.88.064607},
	url          = {https://link.aps.org/doi/10.1103/PhysRevC.88.064607},
	collaboration = {FAZIA Collaboration},
	issue        = 6,
	numpages     = 6
}
@article{Mei_OES,
	title        = {
		Universal odd-even staggering in isotopic fragmentation and spallation cross
		sections of neutron-rich fragments
	},
	author       = {Mei, B. and Tu, X. L. and Wang, M.},
	year         = 2018,
	month        = 4,
	journal      = {Phys. Rev. C},
	publisher    = {American Physical Society},
	volume       = 97,
	pages        = {044619},
	doi          = {10.1103/PhysRevC.97.044619},
	url          = {https://link.aps.org/doi/10.1103/PhysRevC.97.044619},
	issue        = 4,
	numpages     = 6
}
@article{AGAKISHIEV2012304,
	title        = {
		First measurement of proton-induced low-momentum dielectron radiation off
		cold nuclear matter
	},
	author       = {G. Agakishiev and others},
	year         = 2012,
	journal      = {Physics Letters B},
	volume       = 715,
	number       = 4,
	pages        = {304--309},
	doi          = {https://doi.org/10.1016/j.physletb.2012.08.004},
	issn         = {0370-2693},
	url          = {https://www.sciencedirect.com/science/article/pii/S0370269312008398},
	collaboration = {HADES Collaboration}
}
@article{PhysRevC.90.054906,
	title        = {Medium effects in proton-induced \${K}^{0}\$ production at 3.5 GeV},
	author       = {Agakishiev, G. and others},
	year         = 2014,
	month        = 11,
	journal      = {Phys. Rev. C},
	publisher    = {American Physical Society},
	volume       = 90,
	pages        = {054906},
	doi          = {10.1103/PhysRevC.90.054906},
	url          = {https://link.aps.org/doi/10.1103/PhysRevC.90.054906},
	collaboration = {HADES Collaboration},
	issue        = 5,
	numpages     = 12
}
@article{HADES_2014_Lambda_p_Nb,
	title        = {Lambda hyperon production and polarization in collisions of p(3.5 GeV)+Nb},
	author       = {Agakishiev, G. and others},
	year         = 2014,
	journal      = {Eur. Phys. J. A},
	volume       = 50,
	pages        = 81,
	doi          = {10.1140/epja/i2016-16178-x},
	url          = {https://doi.org/10.1140/epja/i2014-14081-2},
	collaboration = {HADES Collaboration}
}
@article{PhysRevLett.114.212301,
	title        = {
		Subthreshold \${\mathrm{\ensuremath{\Xi}}}^{\ensuremath{-}}\$ Production in
		Collisions of \$\mathrm{p}(3.5\text{  }\mathrm{GeV})+\mathrm{Nb}\$
	},
	author       = {Agakishiev, G. and others},
	year         = 2015,
	month        = 5,
	journal      = {Phys. Rev. Lett.},
	publisher    = {American Physical Society},
	volume       = 114,
	pages        = 212301,
	doi          = {10.1103/PhysRevLett.114.212301},
	url          = {https://link.aps.org/doi/10.1103/PhysRevLett.114.212301},
	collaboration = {HADES Collaboration},
	issue        = 21,
	numpages     = 7
}
@article{PhysRevC.94.025201,
	title        = {
		\$\mathrm{\ensuremath{\Lambda}}p\$ interaction studied via femtoscopy in
		\$p\phantom{\rule{0.28em}{0ex}}+\phantom{\rule{0.28em}{0ex}}\mathrm{Nb}\$
		reactions at \$\sqrt{{s}\_{\mathit{NN}}}=3.18\$ GeV
	},
	author       = {Adamczewski-Musch, J. and others},
	year         = 2016,
	month        = 8,
	journal      = {Phys. Rev. C},
	publisher    = {American Physical Society},
	volume       = 94,
	pages        = {025201},
	doi          = {10.1103/PhysRevC.94.025201},
	url          = {https://link.aps.org/doi/10.1103/PhysRevC.94.025201},
	collaboration = {HADES Collaboration},
	issue        = 2,
	numpages     = 12
}
@article{2018735,
	title        = {\${\Sigma}\$0 production in proton nucleus collisions near threshold},
	author       = {J. Adamczewski-Musch and others},
	year         = 2018,
	journal      = {Physics Letters B},
	volume       = 781,
	pages        = {735--740},
	doi          = {https://doi.org/10.1016/j.physletb.2018.02.043},
	issn         = {0370-2693},
	url          = {https://www.sciencedirect.com/science/article/pii/S0370269318301539},
	collaboration = {HADES Collaboration},
}
@article{botvina2006statistical,
	title        = {Statistical description of nuclear break-up},
	author       = {Botvina, AS and Mishustin, IN},
	year         = 2006,
	journal      = {The European Physical Journal A-Hadrons and Nuclei},
	publisher    = {Springer},
	volume       = 30,
	number       = 1,
	pages        = {121--128},
	doi          = {https://doi.org/10.1140/epja/i2005-10316-7}
}
@article{botvina1987statistical,
	title        = {Statistical simulation of the break-up of highly excited nuclei},
	author       = {
		A.S. Botvina and A.S. Iljinov and I.N. Mishustin and J.P. Bondorf and R.
		Donangelo and others
	},
	year         = 1987,
	journal      = {Nuclear Physics A},
	volume       = 475,
	number       = 4,
	pages        = {663--686},
	doi          = {https://doi.org/10.1016/0375-9474(87)90232-6},
	issn         = {0375-9474},
	url          = {https://www.sciencedirect.com/science/article/pii/0375947487902326}
}
@article{Bertsch_PhysRevC.29.673,
	title        = {Boltzmann equation for heavy ion collisions},
	author       = {Bertsch, G. F. and Kruse, H. and Gupta, S. Das},
	year         = 1984,
	month        = 2,
	journal      = {Phys. Rev. C},
	publisher    = {American Physical Society},
	volume       = 29,
	pages        = {673--675},
	doi          = {10.1103/PhysRevC.29.673},
	url          = {https://link.aps.org/doi/10.1103/PhysRevC.29.673},
	issue        = 2,
	numpages     = {0}
}
@article{Niita1989391,
	title        = {
		Hard-photon production within a self-consistent transport approach to
		heavy-ion collisions
	},
	author       = {K. Niita and W. Cassing and U. Mosel},
	year         = 1989,
	journal      = {Nuclear Physics A},
	volume       = 504,
	number       = 2,
	pages        = {391--412},
	doi          = {https://doi.org/10.1016/0375-9474(89)90353-9},
	issn         = {0375-9474},
	url          = {https://www.sciencedirect.com/science/article/pii/0375947489903539}
}
@article{PhysRevC.81.015803,
	title        = {Composition and thermodynamics of nuclear matter with light clusters},
	author       = {
		Typel, S. and R\"opke, G. and Kl\"ahn, T. and Blaschke, D. and Wolter, H. H.
	},
	year         = 2010,
	month        = 1,
	journal      = {Phys. Rev. C},
	publisher    = {American Physical Society},
	volume       = 81,
	pages        = {015803},
	doi          = {10.1103/PhysRevC.81.015803},
	url          = {https://link.aps.org/doi/10.1103/PhysRevC.81.015803},
	issue        = 1,
	numpages     = 22
}
@article{PhysRevC.21.1301,
	title        = {Mechanisms for deuteron production in relativistic nuclear collisions},
	author       = {Kapusta, Joseph I.},
	year         = 1980,
	month        = 4,
	journal      = {Phys. Rev. C},
	publisher    = {American Physical Society},
	volume       = 21,
	pages        = {1301--1310},
	doi          = {10.1103/PhysRevC.21.1301},
	url          = {https://link.aps.org/doi/10.1103/PhysRevC.21.1301},
	issue        = 4,
	numpages     = {0}
}
@article{PhysRevC.60.031901,
	title        = {Deuterons and space-momentum correlations in high energy nuclear collisions},
	author       = {
		Monreal, B. and Bass, S. A. and Bleicher, M. and Esumi, S. and Greiner, W.
		and others
	},
	year         = 1999,
	month        = 8,
	journal      = {Phys. Rev. C},
	publisher    = {American Physical Society},
	volume       = 60,
	pages        = {031901},
	doi          = {10.1103/PhysRevC.60.031901},
	url          = {https://link.aps.org/doi/10.1103/PhysRevC.60.031901},
	issue        = 3,
	numpages     = 4
}
@article{CHEN2003809,
	title        = {
		Light cluster production in intermediate energy heavy-ion collisions induced
		by neutron-rich nuclei
	},
	author       = {Lie-Wen Chen and C.M. Ko and Bao-An Li},
	year         = 2003,
	journal      = {Nuclear Physics A},
	volume       = 729,
	number       = 2,
	pages        = {809--834},
	doi          = {https://doi.org/10.1016/j.nuclphysa.2003.09.010},
	issn         = {0375-9474},
	url          = {https://www.sciencedirect.com/science/article/pii/S0375947403017585}
}
@article{PhysRevC.98.014914,
	title        = {
		Methods for separation of deuterons produced in the medium and in jets in
		high-energy collisions
	},
	author       = {
		Sharma, Natasha and Perez, Tony and Castro, Andy and Kumar, Lokesh and
		Nattrass, Christine
	},
	year         = 2018,
	month        = 7,
	journal      = {Phys. Rev. C},
	publisher    = {American Physical Society},
	volume       = 98,
	pages        = {014914},
	doi          = {10.1103/PhysRevC.98.014914},
	url          = {https://link.aps.org/doi/10.1103/PhysRevC.98.014914},
	issue        = 1,
	numpages     = 6
}
@article{PHQMD_PhysRevC.101.044905,
	title        = {
		Parton-hadron-quantum-molecular dynamics: A novel microscopic \$n\$-body
		transport approach for heavy-ion collisions, dynamical cluster formation, and
		hypernuclei production
	},
	author       = {
		Aichelin, J. and Bratkovskaya, E. and Le F\`evre, A. and Kireyeu, V. and
		Kolesnikov, V. and others
	},
	year         = 2020,
	month        = 4,
	journal      = {Phys. Rev. C},
	publisher    = {American Physical Society},
	volume       = 101,
	pages        = {044905},
	doi          = {10.1103/PhysRevC.101.044905},
	url          = {https://link.aps.org/doi/10.1103/PhysRevC.101.044905},
	issue        = 4,
	numpages     = 27
}
@article{PhysRevC.94.054905,
	title        = {
		Particle production and equilibrium properties within a new hadron transport
		approach for heavy-ion collisions
	},
	author       = {
		Weil, J. and Steinberg, V. and Staudenmaier, J. and Pang, L. G. and
		Oliinychenko, D. and others
	},
	year         = 2016,
	month        = 11,
	journal      = {Phys. Rev. C},
	publisher    = {American Physical Society},
	volume       = 94,
	pages        = {054905},
	doi          = {10.1103/PhysRevC.94.054905},
	url          = {https://link.aps.org/doi/10.1103/PhysRevC.94.054905},
	issue        = 5,
	numpages     = 27
}
@article{ALICE_PhysRevC.101.044906,
	title        = {
		Production of (anti-) He 3 and (anti-) H 3 in p-Pb collisions at s N N= 5.02
		TeV
	},
	author       = {
		Acharya, Shreyasi and Adamov{\'a}, Dagmar and Adler, Alexander and Adolfsson,
		Jonatan and Aggarwal, Madan M and others
	},
	year         = 2020,
	journal      = {Physical Review C},
	publisher    = {American Physical Society},
	volume       = 101,
	number       = 4,
	pages        = {044906},
	doi          = {10.1103/PhysRevC.101.044906},
	url          = {https://link.aps.org/doi/10.1103/PhysRevC.101.044906}
}
@article{acharya2020multiplicity,
	title        = {
		Multiplicity dependence of light (anti-) nuclei production in p--Pb
		collisions at sNN= 5.02 TeV
	},
	author       = {
		Acharya, Shreyasi and Adamova, Dagmar and Adhya, Souvik Priyam and Adler,
		Alexander and Adolfsson, Jonatan and others
	},
	year         = 2020,
	journal      = {Physics Letters B},
	publisher    = {Elsevier},
	volume       = 800,
	pages        = 135043,
	doi          = {https://doi.org/10.1016/j.physletb.2019.135043},
	url          = {https://www.sciencedirect.com/science/article/pii/S0370269319307658}
}
@article{Weisskopf1940,
	title        = {On the Yield of Nuclear Reactions with Heavy Elements},
	author       = {Weisskopf, V. F. and Ewing, D. H.},
	year         = 1940,
	month        = 3,
	journal      = {Phys. Rev.},
	publisher    = {American Physical Society},
	volume       = 57,
	pages        = {472--485},
	doi          = {10.1103/PhysRev.57.472},
	url          = {https://link.aps.org/doi/10.1103/PhysRev.57.472},
	issue        = 6,
	numpages     = {0}
}
@article{Weisskopf1937,
	title        = {Statistics and Nuclear Reactions},
	author       = {Weisskopf, V.},
	year         = 1937,
	month        = 8,
	journal      = {Phys. Rev.},
	publisher    = {American Physical Society},
	volume       = 52,
	pages        = {295--303},
	doi          = {10.1103/PhysRev.52.295},
	url          = {https://link.aps.org/doi/10.1103/PhysRev.52.295},
	issue        = 4,
	numpages     = {0}
}
@article{Hauser-Feshbach,
	title        = {The Inelastic Scattering of Neutrons},
	author       = {Hauser, Walter and Feshbach, Herman},
	year         = 1952,
	month        = 7,
	journal      = {Phys. Rev.},
	publisher    = {American Physical Society},
	volume       = 87,
	pages        = {366--373},
	doi          = {10.1103/PhysRev.87.366},
	url          = {https://link.aps.org/doi/10.1103/PhysRev.87.366},
	issue        = 2,
	numpages     = {0}
}
@article{Moretto1975211,
	title        = {Statistical emission of large fragments: A general theoretical approach},
	author       = {Luciano G. Moretto},
	year         = 1975,
	journal      = {Nuclear Physics A},
	volume       = 247,
	number       = 2,
	pages        = {211--230},
	doi          = {https://doi.org/10.1016/0375-9474(75)90632-6},
	issn         = {0375-9474},
	url          = {https://www.sciencedirect.com/science/article/pii/0375947475906326}
}
@misc{Atchison1980,
	title        = {
		Spallation and fission in heavy metal nuclei under medium energy proton
		bombardement
	},
	author       = {Atchison, F.},
	year         = 1980,
	url          = {https://inis.iaea.org/search/search.aspx?orig\%5Fq=RN:11562408},
}
@article{DiGregorio1989,
	title        = {Subbarrier fusion of \$^{16}{+}^{147}\$,149Sm},
	author       = {
		DiGregorio, D. E. and diTada, M. and Abriola, D. and Elgue, M. and
		Etchegoyen, A. and others
	},
	year         = 1989,
	month        = 2,
	journal      = {Phys. Rev. C},
	publisher    = {American Physical Society},
	volume       = 39,
	pages        = {516--523},
	doi          = {10.1103/PhysRevC.39.516},
	url          = {https://link.aps.org/doi/10.1103/PhysRevC.39.516},
	issue        = 2,
	numpages     = {0}
}
@article{Uehling1933,
	title        = {Transport Phenomena in Einstein-Bose and Fermi-Dirac Gases. I},
	author       = {Uehling, E. A. and Uhlenbeck, G. E.},
	year         = 1933,
	month        = 4,
	journal      = {Phys. Rev.},
	publisher    = {American Physical Society},
	volume       = 43,
	pages        = {552--561},
	doi          = {10.1103/PhysRev.43.552},
	url          = {https://link.aps.org/doi/10.1103/PhysRev.43.552},
	issue        = 7,
	numpages     = {0}
}
@misc{Tlusty,
author = {P. Tlust\'y and M. Weber and P. Salabura},
collaboration = {HADES},
title  = {},
howpublished = {GSI Scientific Report},
year = {2010}
}
@misc{Private_comunication,
editor = {{Transport meets HADES, symposium during the HADES Collaboration Meeting XL}},
year = {2021},
% title = {indico.gsi.de/event/12148/timetable/#20210311.detailed},
url= {\url   {https://indico.gsi.de/event/12148/timetable/#20210311.detailed}},
% urldate = {11.03.2021}
}
@article{Bertsch1984,
  title = {Boltzmann equation for heavy ion collisions},
  author = {Bertsch, G. F. and Kruse, H. and Gupta, S. Das},
  journal = {Phys. Rev. C},
  volume = {29},
  issue = {2},
  pages = {673--675},
  numpages = {0},
  year = {1984},
  month = {Feb},
  publisher = {American Physical Society},
  doi = {10.1103/PhysRevC.29.673},
  url = {https://link.aps.org/doi/10.1103/PhysRevC.29.673}
}

